% This file was created with Citavi 4.4.0.28

@book{Herrmann.2009,
 author = {Herrmann, Frank},
 label = {Herr},
 year = {2009},
 title = {Logik der Produktionslogistik},
 edition = {1. Aufl},
 publisher = {Oldenbourg, R},
 isbn = {9783486588118},
 location = {M{\"u}nchen},
 pagetotal = {450 S.},
 file = {http://www.worldcat.org/oclc/254636883}
}


@book{Herrmann.2011,
 author = {Herrmann, Frank},
 label = {Herr},
 year = {2011},
 title = {Operative Planung in IT-Systemen f{\"u}r die Produktionsplanung und -steuerung},
 edition = {1. Aufl},
 publisher = {Vieweg+Teubner Verlag / Springer Fachmedien Wiesbaden GmbH, Wiesbaden},
 isbn = {9783834812094},
 subtitle = {Wirkung, Auswahl und Einstellhinweise von Verfahren und Parametern},
 location = {Wiesbaden},
 series = {Studium},
 pagetotal = {Online-Ressource},
 file = {http://www.worldcat.org/oclc/844920609}
}

